@InProceedings{Kou2022,
  author    = {Kou, Yingshuai and Gao, Neng and Zhang, Yifei and Tu, Chenyang and Ma, Cunqing},
  booktitle = {2022 IEEE 34th International Conference on Tools with Artificial Intelligence (ICTAI)},
  title     = {BiGNN: A Bilateral-Branch Graph Neural Network to Solve Popularity Bias in Recommendation},
  year      = {2022},
  month     = oct,
  pages     = {840--847},
  publisher = {IEEE},
  doi       = {10.1109/ictai56018.2022.00129},
}

@InProceedings{Huang2021,
  author     = {Huang, Tinglin and Dong, Yuxiao and Ding, Ming and Yang, Zhen and Feng, Wenzheng and Wang, Xinyu and Tang, Jie},
  booktitle  = {Proceedings of the 27th ACM SIGKDD Conference on Knowledge Discovery; Data Mining},
  title      = {MixGCF: An Improved Training Method for Graph Neural Network-based Recommender Systems},
  year       = {2021},
  month      = aug,
  publisher  = {ACM},
  series     = {KDD ’21},
  collection = {KDD ’21},
  doi        = {10.1145/3447548.3467408},
}

@Article{Liu2023,
  author    = {Liu, Cheng and Yu, Chenhuan and Gui, Ning and Yu, Zhiwu and Deng, Songgaojun},
  journal   = {Knowledge and Information Systems},
  title     = {SimGCL: graph contrastive learning by finding homophily in heterophily},
  year      = {2023},
  issn      = {0219-3116},
  month     = nov,
  number    = {3},
  pages     = {2089--2114},
  volume    = {66},
  doi       = {10.1007/s10115-023-02022-1},
  publisher = {Springer Science and Business Media LLC},
}

@Article{Yu2023,
  author    = {Yu, Junliang and Xia, Xin and Chen, Tong and Cui, Lizhen and Hung, Nguyen Quoc Viet and Yin, Hongzhi},
  journal   = {IEEE Transactions on Knowledge and Data Engineering},
  title     = {XSimGCL: Towards Extremely Simple Graph Contrastive Learning for Recommendation},
  year      = {2023},
  issn      = {2326-3865},
  pages     = {1--14},
  doi       = {10.1109/tkde.2023.3288135},
  publisher = {Institute of Electrical and Electronics Engineers (IEEE)},
}

@Article{Lee2015,
  author    = {Lee, Kibeom and Lee, Kyogu},
  journal   = {Expert Systems with Applications},
  title     = {Escaping your comfort zone: A graph-based recommender system for finding novel recommendations among relevant items},
  year      = {2015},
  issn      = {0957-4174},
  month     = jun,
  number    = {10},
  pages     = {4851--4858},
  volume    = {42},
  doi       = {10.1016/j.eswa.2014.07.024},
  publisher = {Elsevier BV},
}

@Article{Li2023,
  author    = {Li, Xueqi and Xiao, Guoqing and Chen, Yuedan and Tang, Zhuo and Jiang, Wenjun and Li, Kenli},
  journal   = {ACM Transactions on Recommender Systems},
  title     = {An Explicitly Weighted GCN Aggregator based on Temporal and Popularity Features for Recommendation},
  year      = {2023},
  issn      = {2770-6699},
  month     = apr,
  number    = {2},
  pages     = {1--23},
  volume    = {1},
  doi       = {10.1145/3587272},
  publisher = {Association for Computing Machinery (ACM)},
}

@InProceedings{Klimashevskaia2023,
  author     = {Klimashevskaia, Anastasiia and Elahi, Mehdi and Trattner, Christoph},
  booktitle  = {Adjunct Proceedings of the 31st ACM Conference on User Modeling, Adaptation and Personalization},
  title      = {Addressing Popularity Bias in Recommender Systems: An Exploration of Self-Supervised Learning Models},
  year       = {2023},
  month      = jun,
  pages      = {7--11},
  publisher  = {ACM},
  series     = {UMAP ’23},
  collection = {UMAP ’23},
  doi        = {10.1145/3563359.3597409},
}

@Misc{Wu2020,
  author    = {Wu, Shiwen and Sun, Fei and Zhang, Wentao and Xie, Xu and Cui, Bin},
  title     = {Graph Neural Networks in Recommender Systems: A Survey},
  year      = {2020},
  copyright = {Creative Commons Attribution Non Commercial Share Alike 4.0 International},
  doi       = {10.48550/ARXIV.2011.02260},
  keywords  = {Information Retrieval (cs.IR), Machine Learning (cs.LG), FOS: Computer and information sciences, FOS: Computer and information sciences},
  publisher = {arXiv},
}

@Article{Klimashevskaia2024,
  author    = {Klimashevskaia, Anastasiia and Jannach, Dietmar and Elahi, Mehdi and Trattner, Christoph},
  journal   = {User Modeling and User-Adapted Interaction},
  title     = {A survey on popularity bias in recommender systems},
  year      = {2024},
  issn      = {1573-1391},
  month     = jul,
  number    = {5},
  pages     = {1777--1834},
  volume    = {34},
  doi       = {10.1007/s11257-024-09406-0},
  publisher = {Springer Science and Business Media LLC},
}

@Comment{jabref-meta: databaseType:bibtex;}
